@article{su2018comparative,
  title={Comparative Assessment of Scoring Functions: The CASF-2016 Update},
  author={Su, Minyi and Yang, Qifan and Du, Yu and Feng, Guoqin and Liu, Zhihai and Li, Yan and Wang, Renxiao},
  journal={Journal of Chemical Information and Modeling},
  volume={59},
  number={2},
  pages={895--913},
  year={2019},
  publisher={American Chemical Society},
  doi={10.1021/acs.jcim.8b00545},
  url={https://doi.org/10.1021/acs.jcim.8b00545}
}

@article{AF3,
  title={Accurate structure prediction of biomolecular interactions with AlphaFold 3},
  author={Abramson J., Adler J., Dunger J. et al.},
  journal={Nature},
  volume={630},
  number={8016},
  pages={493--500},
  year={2024},
  doi={10.1038/s41586-024-07487-w},
  url={https://doi.org/10.1038/s41586-024-07487-w}
}

@article{Sfcnn,
  title={Sfcnn: a novel scoring function based on 3D convolutional neural network for accurate and stable proteinâ€“ligand affinity prediction},
  author={Wang, Yu and Wei, Zhengxiao and Xi, Lei},
  journal={BMC Bioinformatics},
  volume={23},
  number={1},
  pages={222},
  year={2022},
  doi={10.1186/s12859-022-04762-3},
  url={https://doi.org/10.1186/s12859-022-04762-3}
}

@article{Wang2024,
  title={Structure-based, deep-learning models for protein-ligand binding affinity prediction},
  author={Wang, Debby D. and Wu, Wenhui and Wang, Ran},
  journal={Journal of Cheminformatics},
  volume={16},
  number={1},
  pages={2},
  year={2024},
  doi={10.1186/s13321-023-00795-9},
  url={https://doi.org/10.1186/s13321-023-00795-9}
}

@article{Zeng2024,
  title={A comprehensive review of the recent advances on predicting drug-target affinity based on deep learning},
  author={Zeng, Xin and Li, Shu-Juan and Lv, Shuang-Qing and Wen, Meng-Liang and Li, Yi},
  journal={Frontiers in Pharmacology},
  volume={15},
  pages={1375522},
  year={2024},
  doi={10.3389/fphar.2024.1375522},
  url={https://doi.org/10.3389/fphar.2024.1375522}
}

@article{Wang2005PDBbind,
  title={The PDBbind Database: Methodologies and Updates},
  author={Wang, Renxiao and Fang, Xueliang and Lu, Yipin and Yang, Chao-Yie and Wang, Shaomeng},
  journal={Journal of Medicinal Chemistry},
  volume={48},
  number={12},
  pages={4111--4119},
  year={2005},
  publisher={American Chemical Society},
  doi={10.1021/jm048957q},
  url={https://doi.org/10.1021/jm048957q}
}