%===============================================================================
% Sample bibliopgraphy file for ifaconf.bst style to be used in
% IFAC meeting papers
% Copyright (c) 2007-2008 International Federation of Automatic Control
%===============================================================================
@misc{Huggingface,
	title={Introduction to Deep Reinforcement Learning},
	url={https://huggingface.co/learn/deep-rl-course/en/unit0/introduction},
}

@misc{MinimalRL,
	author={seungeunrho},
	title={MinimalRL},
	url={https://github.com/seungeunrho/minimalRL}
}

@article{Rainbow,
	author={Hessel, M. and Modayil, J. and van Hasselt, H. and Schaul, T. and Ostrovski, G. and Dabney, W. and Horgan, D. and Piot, B. and Azar, M. and Silver, D.},
	title={Rainbow: Combining Improvements in Deep Reinforcement Learning},
	year={2017},
	url={https://paperswithcode.com/method/rainbow-dqn}
}
@misc{VectorEnvs,
	title={Training A2C with Vector Envs and Domain Randomization},
	author={Till Zemann},
	url={https://gymnasium.farama.org/tutorials/gymnasium_basics/vector_envs_tutorial/}
}
@misc{torch,
	title={PyTorch},
	author={The PyTorch Foundation},
	url={https://pytorch.org/}

}
@misc{gymnasium,
	title={Gymnasium},
	author={The Farama Foundation},
	url={https://gymnasium.farama.org/}
}
@misc{viztracer,
	title={vitztracer},
	author={Tian Gao},
	url={https://github.com/gaogaotiantian/viztracer}
}

@misc{pandas,
	title={pandas},
	author={The pandas development team},
	url={https://pandas.pydata.org/}
}

@misc{numpy,
	title={numpy},
	author={The NumPy Community},
	url={https://numpy.org/}
}

@misc{matplotlib,
	title={matplotlib},
	author={The Matplotlib Development Team},
	url={https://matplotlib.org/}
}